<record><leader>00000cas a22000007a 4500</leader><controlfield tag="001">16784359</controlfield><controlfield tag="008">870930d18691876iauwr ne      0    0eng d</controlfield><datafield ind1=" " ind2=" " tag="010"><subfield code="a">sn 87058644 </subfield></datafield><datafield ind1=" " ind2=" " tag="040"><subfield code="a">INP</subfield><subfield code="b">eng</subfield><subfield code="c">INP</subfield><subfield code="d">OCLCQ</subfield></datafield><datafield ind1=" " ind2=" " tag="042"><subfield code="a">msc</subfield></datafield><datafield ind1="0" ind2=" " tag="130"><subfield code="a">Sioux City weekly times (Sioux City, Iowa : 1869)</subfield></datafield><datafield ind1="1" ind2="0" tag="245"><subfield code="a">Sioux City weekly times.</subfield></datafield><datafield ind1=" " ind2=" " tag="260"><subfield code="a">Sioux City, Iowa :</subfield><subfield code="b">Times Print. Co.,</subfield><subfield code="c">1869-1876.</subfield></datafield><datafield ind1=" " ind2=" " tag="300"><subfield code="a">7 v.</subfield></datafield><datafield ind1=" " ind2=" " tag="310"><subfield code="a">Weekly</subfield></datafield><datafield ind1="0" ind2=" " tag="362"><subfield code="a">Vol. 1, no. 1 (June 5, 1869)-v. 7, no. 35 (Jan. 22, 1876).</subfield></datafield><datafield ind1=" " ind2=" " tag="752"><subfield code="a">United States</subfield><subfield code="b">Iowa</subfield><subfield code="c">Woodbury</subfield><subfield code="d">Sioux City.</subfield></datafield><datafield ind1="0" ind2=" " tag="775"><subfield code="t">Sioux City daily times</subfield><subfield code="w">(DLC)sn 87057885</subfield></datafield><datafield ind1="0" ind2="0" tag="785"><subfield code="t">Sioux City times</subfield><subfield code="w">(DLC)sn 87058645</subfield></datafield></record>